@article{cmmi2010cmmidevelopment13,
	title={CMMIÂ® for Development, Version 1.3 CMMI-DEV, V1.3},
	url={http://www.sei.cmu.edu/library/abstracts/reports/10tr033.cfm},
	number={November},
	journal={Engineering},
 	publisher={Carnegie Mellon University},
	author={Development, Cmmi},
	editor={Cmmi Product TeamEditors},
	year={2010},
	pages={482}
}
@article{alegria2006cmmiagile,
	title = {Implementing CMMI using a Combination of Agile Methods},
	author = {Julio Ariel Hurtado Alegria and M. Cecilia Bastarrica},
	year = {2006},
	doi = {http://www.clei.cl/cleiej/paper.php?id=119},
	researchr = {http://researchr.org/publication/AlegriaB06},
	cites = {0},
	citedby = {0},
	journal = {CLEI Electron. J.},
	volume = {9},
	number = {1},
}